
@article{robertson2009probabilistic,
  title={The probabilistic relevance framework: {BM25} and beyond},
  author={Robertson, Stephen and Zaragoza, Hugo},
  journal={Foundations and Trends in Information Retrieval},
  volume={3},
  number={4},
  pages={333--389},
  year={2009},
  publisher={Now Publishers Inc}
}

@inproceedings{guo2016deep,
  title={A deep relevance matching model for ad-hoc retrieval},
  author={Guo, Jiafeng and Fan, Yixing and Ai, Qingyao and Croft, W Bruce},
  booktitle={Proceedings of the 25th ACM International Conference on Information and Knowledge Management},
  pages={55--64},
  year={2016}
}

@inproceedings{reimers2019sentence,
  title={Sentence-{BERT}: Sentence embeddings using {S}iamese {BERT}-networks},
  author={Reimers, Nils and Gurevych, Iryna},
  booktitle={Proceedings of the 2019 Conference on Empirical Methods in Natural Language Processing},
  pages={3982--3992},
  year={2019}
}

@inproceedings{karpukhin2020dense,
  title={Dense passage retrieval for open-domain question answering},
  author={Karpukhin, Vladimir and Oğuz, Barlas and Min, Sewon and Lewis, Patrick and Wu, Ledell and Edunov, Sergey and Chen, Danqi and Yih, Wen-tau},
  booktitle={Proceedings of the 2020 Conference on Empirical Methods in Natural Language Processing},
  pages={6769--6781},
  year={2020}
}


@misc{bajaj2018msmarcohumangenerated,
      title={MS MARCO: A Human Generated MAchine Reading COmprehension Dataset}, 
      author={Payal Bajaj and Daniel Campos and Nick Craswell and Li Deng and Jianfeng Gao and Xiaodong Liu and Rangan Majumder and Andrew McNamara and Bhaskar Mitra and Tri Nguyen and Mir Rosenberg and Xia Song and Alina Stoica and Saurabh Tiwary and Tong Wang},
      year={2018},
      eprint={1611.09268},
      archivePrefix={arXiv},
      primaryClass={cs.CL},
      url={https://arxiv.org/abs/1611.09268}, 
}

@inproceedings{zhong2017seq2sql,
  title={Seq2{SQL}: Generating structured queries from natural language using reinforcement learning},
  author={Zhong, Victor and Xiong, Caiming and Socher, Richard},
  booktitle={International Conference on Learning Representations},
  year={2017}
}

@inproceedings{xu2017sqlnet,
  title={{SQLNet}: Generating structured queries from natural language without reinforcement learning},
  author={Xu, Xiaojun and Liu, Chang and Song, Dawn},
  booktitle={International Conference on Learning Representations},
  year={2017}
}

@inproceedings{lewis2020bart,
  title={{BART}: Denoising sequence-to-sequence pre-training for natural language generation, translation, and comprehension},
  author={Lewis, Mike and Liu, Yinhan and Goyal, Naman and Ghazvininejad, Marjan and Mohamed, Abdelrahman and Levy, Omer and Stoyanov, Veselin and Zettlemoyer, Luke},
  booktitle={Proceedings of the 58th Annual Meeting of the Association for Computational Linguistics},
  pages={7871--7880},
  year={2020}
}

@article{raffel2020exploring,
  title={Exploring the limits of transfer learning with a unified text-to-text transformer},
  author={Raffel, Colin and Shazeer, Noam and Roberts, Adam and Lee, Katherine and Narang, Sharan and Matena, Michael and Zhou, Yanqi and Li, Wei and Liu, Peter J},
  journal={Journal of Machine Learning Research},
  volume={21},
  number={140},
  pages={1--67},
  year={2020}
}

@inproceedings{fox1993combination,
  title={Combination of multiple searches},
  author={Fox, Edward A and Shaw, Joseph A},
  booktitle={Proceedings of the Second Text REtrieval Conference (TREC-2)},
  pages={243--252},
  year={1993}
}

@inproceedings{gao2021complement,
  title={{CLEAR}: Contrastive learning for sentence representation},
  author={Gao, Tianyu and Yao, Xingcheng and Chen, Danqi},
  booktitle={Proceedings of the 2021 Conference on Empirical Methods in Natural Language Processing},
  pages={5939--5951},
  year={2021}
}

@inproceedings{khattab2020colbert,
  title={{ColBERT}: Efficient and effective passage search via contextualized late interaction over {BERT}},
  author={Khattab, Omar and Zaharia, Matei},
  booktitle={Proceedings of the 43rd International ACM SIGIR Conference on Research and Development in Information Retrieval},
  pages={39--48},
  year={2020}
}

@inproceedings{yang2019critically,
  title={Critically examining the neural hype: Weak baselines and the additivity of effectiveness gains from neural ranking models},
  author={Yang, Wei and Lu, Kuang and Yang, Peilin and Lin, Jimmy},
  booktitle={Proceedings of the 42nd International ACM SIGIR Conference on Research and Development in Information Retrieval},
  pages={1129--1132},
  year={2019}
}

@inproceedings{zamani2017situational,
  title={Situational context for ranking in personal search},
  author={Zamani, Hamed and Bendersky, Michael and Wang, Xuanhui and Zhang, Mingyang},
  booktitle={Proceedings of the 26th International Conference on World Wide Web},
  pages={1531--1540},
  year={2017}
}

@inproceedings{ai2018learning,
  title={Learning a hierarchical embedding model for personalized product search},
  author={Ai, Qingyao and Zhang, Yongfeng and Bi, Keping and Chen, Xu and Croft, W Bruce},
  booktitle={Proceedings of the 40th International ACM SIGIR Conference on Research and Development in Information Retrieval},
  pages={645--654},
  year={2017}
}

@inproceedings{snell2017prototypical,
  title={Prototypical networks for few-shot learning},
  author={Snell, Jake and Swersky, Kevin and Zemel, Richard},
  booktitle={Advances in Neural Information Processing Systems},
  pages={4077--4087},
  year={2017}
}

@inproceedings{finn2017model,
  title={Model-agnostic meta-learning for fast adaptation of deep networks},
  author={Finn, Chelsea and Abbeel, Pieter and Levine, Sergey},
  booktitle={Proceedings of the 34th International Conference on Machine Learning},
  pages={1126--1135},
  year={2017}
}

@inproceedings{cormack2009reciprocal,
author = {Cormack, Gordon V. and Clarke, Charles L A and Buettcher, Stefan},
title = {Reciprocal rank fusion outperforms condorcet and individual rank learning methods},
year = {2009},
isbn = {9781605584836},
publisher = {Association for Computing Machinery},
address = {New York, NY, USA},
url = {https://doi.org/10.1145/1571941.1572114},
doi = {10.1145/1571941.1572114},
abstract = {Reciprocal Rank Fusion (RRF), a simple method for combining the document rankings from multiple IR systems, consistently yields better results than any individual system, and better results than the standard method Condorcet Fuse. This result is demonstrated by using RRF to combine the results of several TREC experiments, and to build a meta-learner that ranks the LETOR 3 dataset better than any previously reported method},
booktitle = {Proceedings of the 32nd International ACM SIGIR Conference on Research and Development in Information Retrieval},
pages = {758–759},
numpages = {2},
keywords = {aggregation, fusion, ranking},
location = {Boston, MA, USA},
series = {SIGIR '09}
}




@inproceedings{thakur2021beir,
  author    = {Thakur, Nandan and Reimers, Nils and R{\"u}ckl{\'e}, Andreas and Srivastava, Abhishek and Gurevych, Iryna},
  title     = {{BEIR}: A Heterogeneous Benchmark for Zero-Shot Evaluation of Information Retrieval Models},
  booktitle = {Advances in Neural Information Processing Systems},
  volume    = {34},
  pages     = {6010--6022},
  year      = {2021}
}

@misc{muennighoff2023mtebmassivetextembedding,
      title={MTEB: Massive Text Embedding Benchmark}, 
      author={Niklas Muennighoff and Nouamane Tazi and Loïc Magne and Nils Reimers},
      year={2023},
      eprint={2210.07316},
      archivePrefix={arXiv},
      primaryClass={cs.CL},
      url={https://arxiv.org/abs/2210.07316}, 
}